 

@ARTICLE{ar1,
	author = {Agarwal, T., A. Sharma, and L. V. Kale},
	title = {Topology-Aware Task Mapping for Reducing Communication Contention on Large Parallel Machines.},
	journal = { In Proceedings of IEEE International Parallel and Distributed Processing Symposium 2006},
	year = {2006},
	month = {April},
}


 

